@InCollection{Angell1989,
	author = {Angell, R. B.},
	year =  {1989},
	title = {Deducibility, Entailment and Analytic Containement},
	editor = {Norman, J. and Sylvan, R.},
	year = {1989},
	booktitle = {Directions in Relevant Logic},
	address = {Dordrecht},
	publisher = {Kluwer Academic Publishers},
	pages = {119--143},
}

@article{BjerringandSchwarz2017,
	author = {Bjerring, J. C. and Schwarz, W.},
	year = {2017},
	title = {Granularity Problems},
	journal = {The Philosophical Quarterly},
	volume = {67},
	number = {266},
	pages = {22--37},
}

 
@article{Correia2004,
	author = {Correia, F.},
	year = {2004},
	title = {Semantics for Analytic Containment},
	journal ={Studia Logica},
	volume = {77},
	number = {1},
	pages = {87--104},
}

@article{Correia2010,
	author = {Correia, F.},
	year = {2010},
	title = {Grounding and Truth-Functions},
	journal = {Logique Et Analyse},
	volume = {53},
	number = {211},
	pages = {251--279},
}

@article{Correia2014,
	author = {Correia, F.},
	year = {2014},
	title = {Logical Grounds},
	journal = {Review of Symbolic Logic},
	volume = {7},
	number = {1},
	pages = {31--59},
}

@article{Correia2016,
	author = {Correia, F.},
	year = {2016},
	title = {On the Logic of Factual Equivalence},
	journal = {Review of Symbolic Logic},
	volume = {9},
	number = {1},
	pages = {103--22},
}

@article{Correia2017,
	author = {Correia, F.},
	year = {2017},
	title = {An Impure Logic of Representational Grounding},
	journal = {Journal of Philosophical Logic},
	volume = {46},
	number = {5},
	pages = {507--538},
}

@InCollection{Correia2020,
	author = {Correia, F.},
	year = {2020},
	title = {Granuality},
	editor = {Raven, M. J.},
	year = {2020},
	booktitle = {The Routledge Handbook of Metaphysical Grounding},
	address = {New York},
	publisher = {Routledge},
	pages = {228--243},
	note = {(\emph{Erratum}, \url{https://www.academia.edu/43676589/Granularity})},
}

@book{CorreiaSchnieder2012,
	editor = {Correia, F. and Schnieder, B.},
	title = {Metaphysical Grounding: Understanding the Structure of Reality},
	address = {Cambridge},
	publisher = {Cambridge University Press},
}

@article{CorreiaandSkiles2019,
	author = {Correia, F. and Skiles, A.},
	year = {2019},
	title = {Grounding, Essence, and Identity},
	journal = {Philosophy and Phenomenological Research},
	volume = {98},
	number = {3},
	pages = {642--670},
}

@article{deRosset2014,
	author = {deRosset, L.},
	year = {2014},
	title = {On Weak Ground},
	journal = {Review of Symbolic Logic},
	volume = {7},
	number = {4},
	pages = {713--744},
}

@article{deRosset2015,
	author = {deRosset, L.},
	year = {2015},
	title = {Better Semantics for the Pure Logic of Ground},
	journal = {Analytic Philosophy},
	volume = {56},
	number = {3},
	pages = {229--252},
}

@article{Dorr2016,
	author = {Dorr, C.},
	year = {2016},
	title = {To Be F Is To Be G},
	journal = {Philosophical Perspectives},
	volume = {30},
	number = {1},
	pages = {39--134},
}

@book{Epstein2015,
	title = {The Ant Trap: Rebuilding the Foundations of the Social Sciences},
	author = {Brian Epstein},
	publisher = {New York, NY: Oxford University Press},
	year = {2015}
}

@article{Epstein2019,
	number = {3},
	journal = {Philosophy and Phenomenological Research},
	volume = {99},
	doi = {10.1111/phpr.12644},
	author = {Brian Epstein},
	year = {2019},
	title = {Anchoring Versus Grounding: Reply to Schaffer},
	pages = {768--781}
}

@InCollection{Fine2012a,
	author = {Fine, K.},
	year = {2012a},
	title = {Guide to Ground},
	editor = {Correia, F. and Schnieder, B.},
	booktitle = {Metaphysical Grounding: Understanding the Structure of Reality},
	address = {Cambridge},
	publisher = {Cambridge University Press},
	pages = {37--80},
}

@article{Fine2012b,
	author = {Fine, K.},
	year = {2012b},
	title = {The Pure Logic of Ground},
	journal = {Review of Symbolic Logic},
	volume = {5},
	number = {1},
	pages = {1--25},
}

@article{Fine2016,
	author = {Fine, K.},
	year = {2016},
	title = {Angellic Content},
	journal = {Journal of Philosophical Logic},
	volume = {45},
	number = {2},
	pages = {199--226},
}

@article{Fine2017b,
	author = {Fine, K.},
	year = {2017},
	title = {A Theory of Truthmaker Content II},
	journal = {Journal of Philosophical Logic},
	volume = {46},
	number = {6},
	pages = {675--702},
}

@book{HaleandHoffmann2010,
	editor = {Hale, B. and Hoffmann, A.},
	year = {2010},
	title = {Modality: Metaphysics, Logic, and Epistemology},
	address = {Oxford},
	publisher = {Oxford University Press},
}

@article{Kramer2018,
	author = {Kr\"{a}mer, S.},
	year = {2018},
	title = {Towards a Theory of Ground-Theoretic Content},
	journal = {Synthese},
	volume = {195},
	number = {2},
	pages = {785--814},
}

@article{Kramer2021,
	author = {Kr\"{a}mer, S.},
	year = {2021},
	title = {Ground-Theoretic Equivalence},
	journal = {Synthese},
	volume = {198},
	number = {2},
	pages = {1643--1683},
}

@article{KramerandRoski2015,
	author = {Kr\"{a}mer, S. and Roski, S.},
	year = {2015},
	title = {A Note on the Logic of Worldly Ground},
	journal = {Thought: A Journal of Philosophy},
	volume = {4},
	number = {1},
	pages = {59--68},
}

@Article{Lange2009a,
  author  = {Marc Lange},
  journal = {No\^{u}s},
  title   = {Dimensional Explanations},
  year    = {2009a},
  number  = {4},
  pages   = {742--775},
  volume  = {43},
  doi     = {10.1111/j.1468-0068.2009.00726.x},
}

@Article{Lange2009b,
  author    = {Marc Lange},
  journal   = {Dialectica},
  title     = {A Tale of Two Vectors},
  year      = {2009b},
  number    = {4},
  pages     = {397--431},
  volume    = {63},
  doi       = {10.1111/j.1746-8361.2009.01207.x},
  publisher = {Wiley-Blackwell},
}

@Article{Lange2010,
  author    = {Marc Lange},
  journal   = {Mind},
  title     = {What Are Mathematical Coincidences ?},
  year      = {2010},
  number    = {474},
  pages     = {307--340},
  volume    = {119},
  doi       = {10.1093/mind/fzq013},
  publisher = {Oxford University Press},
}

@article{Lange2011,
	title = {Conservation Laws in Scientific Explanations: Constraints or Coincidences?},
	author = {Marc Lange},
	journal = {Philosophy of Science},
	pages = {333--352},
	year = {2011},
	number = {3},
	doi = {10.1086/660299},
	volume = {78}
}

@Article{Lange2012,
  author  = {Marc Lange},
  journal = {Oxford Studies in Metaphysics},
  title   = {There Sweep Great General Principles Which All the Laws Seem to Follow},
  year    = {2012},
  pages   = {154--185},
  volume  = {7},
}

@Article{Lange2013a,
  author  = {Marc Lange},
  journal = {British Journal for the Philosophy of Science},
  title   = {What Makes a Scientific Explanation Distinctively Mathematical?},
  year    = {2013a},
  number  = {3},
  pages   = {485--511},
  volume  = {64},
  doi     = {10.1093/bjps/axs012},
}

@Article{Lange2013b,
  author  = {Marc Lange},
  journal = {Philosophy of Science},
  title   = {Really Statistical Explanations and Genetic Drift},
  year    = {2013b},
  number  = {2},
  pages   = {169--188},
  volume  = {80},
  doi     = {10.1086/670323},
}

@Article{Lange2014,
  author  = {Marc Lange},
  journal = {Philosophical Review},
  title   = {Aspects of Mathematical Explanation: Symmetry, Unity, and Salience},
  year    = {2014},
  number  = {4},
  pages   = {485--531},
  volume  = {123},
  doi     = {10.1215/00318108-2749730},
}

@Article{Lange2015,
  author  = {Marc Lange},
  journal = {Dialectica},
  title   = {Explanation, Existence and Natural Properties in Mathematics ? a Case Study: Desargues? Theorem},
  year    = {2015},
  number  = {4},
  pages   = {435--472},
  volume  = {69},
  doi     = {10.1111/1746-8361.12120},
}


@book{Lange2016,
	title = {Because Without Cause: Non-Causal Explanations in Science and Mathematics},
	publisher = {Oxford, England: Oxford University Press USA},
	author = {Marc Lange},
	year = {2016}
}

@article{Litland2018,
	author = {Litland, J. E.},
	year = {2018},
	title = {Pure Logic of Iterated Full Ground},
	journal = {Review of Symbolic Logic},
	volume = {11},
	number = {3},
	pages = {411--435},
}

@InCollection{Litland2020,
	author = {Litland, J. E.},
	year = {2020},
	title = {Meta-Ground},
	editor = {Raven, M. J.},
	year = {2020},
	booktitle = {The Routledge Handbook of Metaphysical Grounding},
	address = {New York},
	publisher = {Routledge},
	pages = {133--147},
}

@article{Lovett2020,
	author = {Lovett, A.},
	year = {2020},
	title = {The Logic of Ground},
	journal = {Journal of Philosophical Logic},
	volume = {49},
	number = {1},
	pages = {13--49},
}

@article{McDaniel2015,
	author = {McDaniel, K.},
	year = {2015},
	title = {Propositions: Individuation and Invirtuation},
	journal = {Australasian Journal of Philosophy},
	volume = {93},
	number = {4},
	pages = {757--768},
}

@book{NormanandSylvan1989,
	editor = {Norman, J. and Sylvan, R.},
	year = {1989},
	title = {Directions in Relevant Logic},
	address = {Dordrecht},
	publisher = {Kluwer Academic Publishers},
}

@article{Poggiolesi2016,
	author = {Poggiolesi, F.},
	year = {2016},
	title = {On Defining the Notion of Complete and Immediate Formal Grounding},
	journal = {Synthese},
	volume = {193},
	number = {10},
	pages = {3147--3167},
}

@article{Poggiolesi2018,
	author = {Poggiolesi, F.},
	year = {2018},
	title = {On Constructing a Logic for the Notion of Complete and Immediate Formal Grounding},
	journal = {Synthese},
	volume = {195},
	number = {3},
	pages = {1231--1254},
}

@InCollection{Poggiolesi2020,
	author = {Poggiolesi, F.},
	year = {2020},
	title = {Logics},
	editor = {Raven, M. J.},
	year = {2020},
	booktitle = {The Routledge Handbook of Metaphysical Grounding},
	address = {New York},
	publisher = {Routledge},
	pages = {213--227},
}

@article{Gencoetal2021,
	author = {Genco, F.A. and Poggiolesi, F. and Rossi, L.},
	year = {2021},
	title = {Grounding, Quantifiers, and Paradoxes},
	journal = {Journal of Philosophical Logic},
	volume = {50},
	number = {6},
	pages = {1417--1448},
}

@book{Raven2020,
	editor = {Raven, M. J.},
	year = {2020},
	title = {The Routledge Handbook of Metaphysical Grounding},
	address = {New York},
	publisher = {Routledge},
}

@InCollection{Rosen2010,
	author = {Rosen, G.},
	year = {2010},
	title = {Metaphysical Dependence: Grounding and Reduction},
	editor = {Hale, B. and Hoffmann, A.},
	year = {2010},
	booktitle = {Modality: Metaphysics, Logic, and Epistemology},
	address = {Oxford},
	publisher = {Oxford University Press},
	pages = {109--135},
}

@article{Schaffer2019,
	title = {Anchoring as Grounding: On Epstein?s the Ant Trap},
	year = {2019},
	pages = {749--767},
	number = {3},
	journal = {Philosophy and Phenomenological Research},
	doi = {10.1111/phpr.12645},
	volume = {99},
	author = {Jonathan Schaffer}
}

@article{Tsuboi2023,
	author = {坪井, 祥吾},
	yomi = {Shogo Tsuboi},
	title = {グラウンドの論理とグラウンド理論的同値性},
	journal = {Contemporary and Applied Philosophy},
	volume = {14},
	pages = {20--58},
	year = {2023},
}

@Article{CorreiaandMerlo,
  author  = {Fabrice Correia and Giovanni Merlo},
  journal = {Analytic Philosophy},
  title   = {Cross-Temporal Grounding},
  year    = {2023},
  doi     = {10.1111/phib.12287},
}

@InCollection{Lange2013c,
  author    = {Lange, Marc},
  booktitle = {Metaphysics and Science},
  publisher = {Oxford University Press},
  title     = {How to Explain the Lorentz Transformations},
  year      = {2013c},
  editor    = {Mumford, Stephen and Tugby, Matthew},
  isbn      = {9780199674527},
  month     = {6},
  pages     = {73--98},
}

@Book{10.1093/acprof:oso/9780199674527.001.0001,
  author    = {Mumford, Stephen and Tugby, Matthew},
  publisher = {Oxford University Press},
  title     = {Metaphysics and Science},
  year      = {2013},
  month     = {6},
  doi       = {10.1093/acprof:oso/9780199674527.001.0001},
}

@Book{OttandPatton2018,
  author    = {Walter R. Ott and Lydia Patton},
  publisher = {Oxford University Press},
  title     = {Laws of Nature},
  year      = {2018},
  address   = {Oxford, UK},
}

@InCollection{Lange2018a,
  author    = {Lange, Mark},
  booktitle = {Laws of Nature: Metaphysics and Philosophy of Science},
  publisher = {Oxford University Press},
  title     = {How the Explanations of Natural Laws Make Some Reducible Physical Properties Natural and Explanatorily Potent},
  year      = {2018a},
  address   = {Oxford},
  editor    = {Walter R. Ott and Lydia Patton},
}

@InCollection{Lange2018b,
  author    = {Mark Lange},
  booktitle = {Explanation Beyond Causation},
  publisher = {Oxford University Press},
  title     = {Because Without Cause: Scientific Explanations by Constraint},
  year      = {2018b},
  address   = {Oxford},
  editor    = {Juha Saatsi and Alexander Reutlinger},
}

@Comment{jabref-meta: databaseType:bibtex;}
